@article{lightfieldcamera,
	author = {Ng, Ren and Levoy, Marc and Brédif, Mathieu and Duval, Gene and Horowitz, Mark and Hanrahan, Pat},
	year = {2005},
	month = {01},
	pages = {},
	title = {Light Field Photography with a Hand-Held Plenopic Camera},
	volume = {CTSR},
	journal = {Technical Report CTSR 2005-02}
}

@article{thelightfield,
	author = {Gershun, A.},
	title = {The Light Field},
	journal = {Journal of Mathematics and Physics},
	volume = {18},
	number = {1-4},
	pages = {51-151},
	doi = {https://doi.org/10.1002/sapm193918151},
	url = {https://onlinelibrary.wiley.com/doi/abs/10.1002/sapm193918151},
	eprint = {https://onlinelibrary.wiley.com/doi/pdf/10.1002/sapm193918151},
	year = {1939}
}

@article{wang2020deep,
	title={Deep learning for image super-resolution: A survey},
	author={Wang, Zhihao and Chen, Jian and Hoi, Steven CH},
	journal={IEEE Transactions on Pattern Analysis and Machine Intelligence},
	year={2020},
	publisher={IEEE}
}

@article{2021KnowledgeDistillation,
	title={Knowledge Distillation: A Survey},
	volume={129},
	ISSN={1573-1405},
	url={http://dx.doi.org/10.1007/s11263-021-01453-z},
	DOI={10.1007/s11263-021-01453-z},
	number={6},
	journal={International Journal of Computer Vision},
	publisher={Springer Science and Business Media LLC},
	author={Gou, Jianping and Yu, Baosheng and Maybank, Stephen J. and Tao, Dacheng},
	year={2021},
	month={Mar},
	pages={1789–1819}
}